@book{giuseppebonaccorso,
  title={\href{run: https://www.bonaccorso.eu/2017/10/06/ml-algorithms-addendum-passive-aggressive-algorithms/}{ML Algorithms addendum: Passive Aggressive Algorithms}},
  author={Giuseppe Bonaccorso aka \href{run: https://github.com/giuseppebonaccorso}{@giuseppebonaccorso}},
  isbn={},
  url={https://www.bonaccorso.eu/2017/10/06/ml-algorithms-addendum-passive-aggressive-algorithms/},
  year={10 June 2017},
  publisher={www.bonaccorso.eu}
}

@book{alexjones2018banned,
    title={\href{run: https://www.politifact.com/truth-o-meter/article/ 2018/aug/07/why-infowars-alex-jones-was-banned-apple-facebook-/}{“Why alex jones was banned from apple, facebook, youtube.}”},
    author={PolitiFact},
    isbn={},
    url={https://www.politifact.com/truth-o-meter/article/ 2018/aug/07/why-infowars-alex-jones-was-banned-apple-facebook-/},
    year={07 August 2018},
    publisher={PolitiFact.com}
}

@book{pizzagate,
    title={\href{run: https: //www.nytimes.com/2017/06/22/us/pizzagate-attack-sentence.html}{“Gunman in ’pizzagate’ shooting is sentenced to 4 years in prison,}”},
    author={M. Haag \& M. Salam,},
    isbn={},
    url={https: //www.nytimes.com/2017/06/22/us/pizzagate-attack-sentence.html},
    year={June 2017},
    publisher={NyTimes}
}

@book{crammer,
    title={\href{run: http://www.jmlr.org/papers/volume7/crammer06a/crammer06a.pdf}{Online Passive-Aggressive Algorithms}},
    author={Koby Crammer \& al.},
    isbn={},
    url={http://www.jmlr.org/papers/volume7/crammer06a/crammer06a.pdf},
    year={March 2006},
    publisher={Journal of Machine Learning Research}
}

@book{jarmul,
    title={\href{run: https://www.datacamp.com/community/tutorials/scikit-learn-fake-news}{Detecting fake news with scikit-learn}},
    author={Katharine Jarmul},
    isbn={},
    url={https://www.datacamp.com/community/tutorials/scikit-learn-fake-news},
    year={2017},
    publisher={DataCamp Community}
}

@book{rao,
    title={\href{run: http://cs229.stanford.edu/proj2018/report/125.pdf}{“Exploiting network structure to detect fake news"}},
    author={M. Rao},
    isbn={Online},
    url={http://cs229.stanford.edu/proj2018/report/125.pdf},
    year={2018},
    publisher={Stanford University, School of Computer Science }
}

@book{thota,
    title={\href{run: https://scholar.smu.edu/datasciencereview/vol1/iss3/10}{"Fake News Detection: A deep learning approach,”}},
    author={A. Thota},
    isbn={Online},
    url={https://scholar.smu.edu/datasciencereview/vol1/iss3/10},
    year={2018},
    publisher={SMU, Data Science Review}
}

@book{daemin,
    title={Detecting Fake News Through Machine Learning Techniques},
    author={Daemin Lee \& al.},
    isbn={},
    url={},
    year={},
    publisher={}
}

@book{geeksforgeeks,
    title={Passive Aggressive Classifiers},
    author={Alakesh Bora aka \href{run: https://auth.geeksforgeeks.org/user/alokesh985/profile}{@alokesh985}},
    isbn={},
    url={https://www.geeksforgeeks.org/passive-aggressive-classifiers/},
    year={17-July-2020},
    publisher={GeeksForGeeks}
}

@book{fakenewsdatasetkaggle,
    author    = "Clément Bisaillon",
    title     = "\href{run: https://www.kaggle.com/clmentbisaillon/fake-and-real-news-dataset}{Fake and real news dataset}",
    url       = "https://www.kaggle.com/clmentbisaillon/fake-and-real-news-dataset",
    year      = "March 2020",
    publisher = "Kaggle"
}

@misc{projectgroup,
    url = "https://github.com/IUT-Thesis-Group-Cmr/ML-Project",
    author = "\href{run: https://github.com/IUT-Thesis-Group-Cmr}{@IUT-Thesis-Group-Cmr} \& \href{run: https://github.com/IUT-Imperial-237}{@IUT-Imperial-237}",
    title = "\href{run: https://github.com/IUT-Thesis-Group-Cmr/ML-Project}{Machine Learning Project: Fake News Detector}"
}

@misc{traintestsplit,
    url = "https://machinelearningmastery.com/train-test-split-for-evaluating-machine-learning-algorithms/",
    author = "Jason Brownlee, PhD",
    title = "\href{run: https://machinelearningmastery.com/train-test-split-for-evaluating-machine-learning-algorithms/}{Train-Test Split for Evaluating Machine Learning Algorithms}"
}

@book{onlinepac,
    author    = "Jing Lu \& Peilin Zhao \& Steven C. H. Hoi",
    title     = "\href{run: https://link.springer.com/article/10.1007/s10994-016-5555-y}{Online Passive-Aggressive Active learning}",
    url       = "https://link.springer.com/article/10.1007/s10994-016-5555-y",
    year      = "22 March 2016",
    publisher = "Springer Link",
    isbn      = "1573-0565"
}

@book{roc,
    author    = "David J Hand \& Robert J Till",
    title     = " A simple generalisation of the area under the roc curve for multiple class classiﬁcation problems",
    url       = "",
    year      = "2001",
    publisher = "Machine learning",
    isbn      = ""
}

@book{stat_accuracy,
    author    = " Charles X Ling \& Jin Huang \& Harry Zhang",
    title     = " Auc: a statistically consistent and more discriminating measure than accuracy",
    url       = "",
    year      = "",
    publisher = "",
    isbn      = ""
}

@book{gottfried26,
    author    = "Gottfried, J. \& al.",
    title     = "News use across social media platforms",
    url       = "",
    year      = "2016",
    publisher = " Pew Res Cent. 26",
    isbn      = ""
}

@book{gottfried4,
    author    = "Gottfried, J. \& al.",
    title     = "The 2016 presidential campaign–a news event that’s hard to miss",
    url       = "",
    year      = "2016",
    publisher = " Pew Res Cent. 4",
    isbn      = ""
}